@misc{scipy,
  author =    {Eric Jones and Travis Oliphant and Pearu Peterson and others},
  title =     {{SciPy}: Open source scientific tools for {Python}},
  year =      {2001--},
  url = "http://www.scipy.org/"
}

@book{giordano,
  title={Computational Physics: 2nd edition},
  author={Giordano, N.J. and Nakanishi, H.},
  isbn={9788131766279},
  url={https://books.google.com.br/books?id=RCCVN2A\_1tQC},
  year={2012},
  publisher={Dorling Kindersley}
}